Automatically generated by Mendeley Desktop 1.12.3
Any changes to this file will be lost if it is regenerated by Mendeley.

BibTeX export options can be customized via Preferences -> BibTeX in Mendeley Desktop

@manual{Dowle2014,
annote = {R package version 1.9.2},
author = {Dowle, M and Short, T and Lianoglou, S and {with contributions from R Saporta}, A Srinivasan and Antonyan, E},
title = {{data.table: Extension of data.frame}},
url = {http://cran.r-project.org/package=data.table},
year = {2014}
}
@inproceedings{Recchia2010,
address = {Austin, TX},
author = {Recchia, Gabriel and Jones, Michael and Sahlgren, Magnus and Kanerva, Pentti},
booktitle = {Proceedings of the 32nd Annual Conference of the Cognitive Science Society},
file = {:Users/claytonstanley/Documents/Mendeley Desktop/2010 - Recchia et al. - Encoding sequential information in vector space models of semantics Comparing holographic reduced representation.pdf:pdf},
pages = {865--870},
publisher = {Cognitive Science Society},
title = {{Encoding sequential information in vector space models of semantics: Comparing holographic reduced representation and random permutation}},
year = {2010}
}
@inproceedings{Efron2011,
address = {New York},
author = {Efron, Miles and Golovchinsky, Gene},
booktitle = {Proceedings of the 34th international ACM SIGIR Conference on Research and Development in Information Retrieval},
file = {:Users/claytonstanley/Documents/Mendeley Desktop/2011 - Efron, Golovchinsky - Estimation methods for ranking recent information.pdf:pdf},
pages = {495--504},
publisher = {ACM},
title = {{Estimation methods for ranking recent information}},
year = {2011}
}
@techreport{Mazzia2009,
author = {Mazzia, Allie and Juett, James},
file = {:Users/claytonstanley/Documents/Mendeley Desktop/2009 - Mazzia, Juett - Suggesting hashtags on Twitter.pdf:pdf},
institution = {EECS 545 (Machine Learning) Course Project Report. Department of Computer Science and Engineering, University of Michigan},
title = {{Suggesting hashtags on Twitter}},
year = {2009}
}
@book{McCandless2010,
address = {Greenwich, CT},
author = {McCandless, Michael and Hatcher, Erik and Gospodnetic, Otis},
isbn = {1933988177, 9781933988177},
publisher = {Manning Publications Co.},
title = {{Lucene in action, second edition: Covers Apache Lucene 3.0}},
year = {2010}
}
@article{Salton1988,
author = {Salton, Gerard and Buckley, Christopher},
file = {:Users/claytonstanley/Documents/Mendeley Desktop/1988 - Salton, Buckley - Term-weighting approaches in automatic text retrieval.pdf:pdf},
journal = {Information processing \& management},
number = {5},
pages = {513--523},
publisher = {Elsevier},
title = {{Term-weighting approaches in automatic text retrieval}},
volume = {24},
year = {1988}
}
@book{Bird2009,
author = {Bird, S and Klein, E and Loper, E},
file = {:Users/claytonstanley/Documents/Mendeley Desktop/2009 - Bird, Klein, Loper - Natural language processing with Python.pdf:pdf},
publisher = {O'Reilly Media, Incorporated},
title = {{Natural language processing with Python}},
year = {2009}
}
@article{Anderson1991,
author = {Anderson, John R and Schooler, Lael J},
file = {:Users/claytonstanley/Documents/Mendeley Desktop/1991 - Anderson, Schooler - Reflections of the environment in memory.pdf:pdf},
journal = {Psychological Science},
number = {6},
pages = {396--408},
publisher = {SAGE Publications},
title = {{Reflections of the environment in memory}},
volume = {2},
year = {1991}
}
@article{Lewis2006,
author = {Lewis, Richard L and Vasishth, Shravan and {Van Dyke}, Julie A},
file = {:Users/claytonstanley/Documents/Mendeley Desktop/2006 - Lewis, Vasishth, Van Dyke - Computational principles of working memory in sentence comprehension.pdf:pdf},
journal = {Trends in cognitive sciences},
number = {10},
pages = {447--454},
publisher = {Elsevier},
title = {{Computational principles of working memory in sentence comprehension}},
volume = {10},
year = {2006}
}
@inproceedings{Rutledge2008,
address = {Austin, TX},
annote = {        From Duplicate 1 (                           Modeling The Fan Effect Using Dynamically Structured Holographic Memory                         - Rutledge-taylor, Matthew F; West, Robert L )
                
        
        
      },
author = {Rutledge-Taylor, Matthew F and West, Robert L},
booktitle = {Proceedings of the 30th Annual Conference of the Cognitive Science Society},
file = {:Users/claytonstanley/Documents/Mendeley Desktop/2008 - Rutledge-Taylor, West - Modeling The fan effect using dynamically structured holographic memory.pdf:pdf},
keywords = {cognitive modeling,holographic,reduced representation,spreading activation,the fan effect},
pages = {385--390},
publisher = {Cognitive Science Society},
title = {{Modeling The fan effect using dynamically structured holographic memory}},
year = {2008}
}
@inproceedings{Li2010,
author = {Li, Lihong and Chu, Wei and Langford, John and Schapire, Robert E},
booktitle = {Proceedings of the 19th International Conference on World Wide Web},
file = {:Users/claytonstanley/Documents/Mendeley Desktop/2010 - Li et al. - A contextual-bandit approach to personalized news article recommendation.pdf:pdf},
pages = {661--670},
publisher = {ACM},
title = {{A contextual-bandit approach to personalized news article recommendation}},
year = {2010}
}
@article{Landauer1997,
author = {Landauer, Thomas K and Dumais, Susan T},
file = {:Users/claytonstanley/Documents/Mendeley Desktop/1997 - Landauer, Dumais - A solution to Plato's problem The latent semantic analysis theory of acquisition, induction, and representatio.pdf:pdf},
journal = {Psychological Review},
number = {2},
pages = {211},
publisher = {American Psychological Association},
title = {{A solution to Plato's problem: The latent semantic analysis theory of acquisition, induction, and representation of knowledge.}},
volume = {104},
year = {1997}
}
@article{Jansen2008,
annote = {        From Duplicate 1 (                           Determining the informational, navigational, and transactional intent of Web queries                         - Jansen, Bernard J.; Booth, Danielle L.; Spink, Amanda )
                
        
        
      },
author = {Jansen, Bernard J. and Booth, Danielle L. and Spink, Amanda},
doi = {10.1016/j.ipm.2007.07.015},
file = {:Users/claytonstanley/Documents/Mendeley Desktop/2008 - Jansen, Booth, Spink - Determining the informational, navigational, and transactional intent of Web queries.pdf:pdf},
issn = {03064573},
journal = {Information Processing \& Management},
keywords = {search engines,user intent,web queries,web searching},
month = may,
number = {3},
pages = {1251--1266},
title = {{Determining the informational, navigational, and transactional intent of Web queries}},
url = {http://linkinghub.elsevier.com/retrieve/pii/S030645730700163X},
volume = {44},
year = {2008}
}
@article{Thelwall2011,
annote = {        From Duplicate 2 (                           Sentiment in Twitter Events                         - Thelwall, Mike; Buckley, Kevan; Paltoglou, Georgios )
                
        
        
      },
author = {Thelwall, Mike and Buckley, Kevan and Paltoglou, Georgios},
doi = {10.1002/asi},
file = {:Users/claytonstanley/Documents/Mendeley Desktop/2011 - Thelwall, Buckley, Paltoglou - Sentiment in Twitter events.pdf:pdf},
number = {2},
pages = {406--418},
title = {{Sentiment in Twitter events}},
volume = {62},
year = {2011}
}
@inproceedings{sims2004episodic,
author = {Sims, Chris R and Gray, Wayne D},
booktitle = {ICCM},
file = {:Users/claytonstanley/Documents/Mendeley Desktop/2004 - Sims, Gray - Episodic versus Semantic Memory An Exploration of Models of Memory Decay in the Serial Attention Paradigm.pdf:pdf},
pages = {279--284},
title = {{Episodic versus Semantic Memory: An Exploration of Models of Memory Decay in the Serial Attention Paradigm.}},
year = {2004}
}
@misc{Salton2014,
author = {Salton, Gerard and Buckley, Chris},
title = {{Cornell SMART Stoplist}},
url = {http://www.lextek.com/manuals/onix/stopwords2.html},
year = {2014}
}
@article{Anderson2004,
annote = {        From Duplicate 1 (                           An integrated theory of the mind.                         - Anderson, J R; Bothell, D; Byrne, M D; Douglass, S; Lebiere, C; Qin, Y )
                
        
        
      },
author = {Anderson, J R and Bothell, D and Byrne, M D and Douglass, S and Lebiere, C and Qin, Y},
journal = {Psychological Review},
number = {4},
pages = {1036},
publisher = {American Psychological Association},
title = {{An integrated theory of the mind.}},
volume = {111},
year = {2004}
}
@incollection{Phelan2011,
author = {Phelan, Owen and McCarthy, Kevin and Bennett, Mike and Smyth, Barry},
booktitle = {Advances in Information Retrieval},
file = {:Users/claytonstanley/Documents/Mendeley Desktop/2011 - Phelan et al. - Terms of a feather Content-based news recommendation and discovery using twitter.pdf:pdf},
pages = {448--459},
publisher = {Springer},
title = {{Terms of a feather: Content-based news recommendation and discovery using twitter}},
year = {2011}
}
@inproceedings{Bennett2007,
address = {San Jose, CA},
author = {Bennett, James and Lanning, Stan},
booktitle = {Proceedings of KDD Cup and Workshop},
file = {:Users/claytonstanley/Documents/Mendeley Desktop/2007 - Bennett, Lanning - The Netflix prize.pdf:pdf},
pages = {35},
title = {{The Netflix prize}},
year = {2007}
}
@article{Bauer2012,
annote = {        From Duplicate 1 (                           Event based classification of Web 2.0 text streams                         - Bauer, A; Wolff, C )
                
Describes the importance of incorporating time and decay of information to classify social media text streams.
        
        From Duplicate 2 (                           Event based classification of Web 2.0 text streams                         - Bauer, A; Wolff, C )
                
        
        
      },
author = {Bauer, A and Wolff, C},
file = {:Users/claytonstanley/Documents/Mendeley Desktop//2012 - Bauer, Wolff - Event based classification of Web 2.0 text streams.pdf:pdf},
journal = {arXiv preprint arXiv:1204.3362},
title = {{Event based classification of Web 2.0 text streams}},
year = {2012}
}
@incollection{Kywe2012,
address = {New York},
author = {Kywe, Su Mon and Hoang, Tuan-Anh and Lim, Ee-Peng and Zhu, Feida},
booktitle = {Social Informatics},
file = {:Users/claytonstanley/Documents/Mendeley Desktop/2012 - Kywe et al. - On recommending hashtags in twitter networks.pdf:pdf},
pages = {337--350},
publisher = {Springer},
title = {{On recommending hashtags in twitter networks}},
year = {2012}
}
@inproceedings{Hannon2010,
address = {New York},
author = {Hannon, John and Bennett, Mike and Smyth, Barry},
booktitle = {Proceedings of the Fourth ACM Conference on Recommender Systems},
file = {:Users/claytonstanley/Documents/Mendeley Desktop/2010 - Hannon, Bennett, Smyth - Recommending Twitter users to follow using content and collaborative filtering approaches.pdf:pdf},
pages = {199--206},
publisher = {ACM},
title = {{Recommending Twitter users to follow using content and collaborative filtering approaches}},
year = {2010}
}
@article{Chang2010,
author = {Chang, Hsia-Ching C},
file = {:Users/claytonstanley/Documents/Mendeley Desktop//2010 - Chang - A new perspective on Twitter hashtag use Diffusion of innovation theory.pdf:pdf},
journal = {Proceedings of the American Society for Information Science and Technology},
number = {1},
pages = {1--4},
publisher = {Wiley Online Library},
title = {{A new perspective on Twitter hashtag use: Diffusion of innovation theory}},
volume = {47},
year = {2010}
}
@inproceedings{Lee2005,
address = {New York},
annote = {        From Duplicate 2 (                           Automatic identification of user goals in Web search                         - Lee, Uichin; Liu, Zhenyu; Cho, Junghoo )
                
        
        
      },
author = {Lee, Uichin and Liu, Zhenyu and Cho, Junghoo},
booktitle = {Proceedings of the 14th International Conference on World Wide Web},
doi = {10.1145/1060745.1060804},
file = {:Users/claytonstanley/Documents/Mendeley Desktop/2005 - Lee, Liu, Cho - Automatic identification of user goals in web search.pdf:pdf},
isbn = {1595930469},
keywords = {query classification,user goals,web search},
pages = {391--400},
publisher = {ACM},
title = {{Automatic identification of user goals in web search}},
url = {http://portal.acm.org/citation.cfm?doid=1060745.1060804},
year = {2005}
}
@article{Weiss1991,
author = {Weiss, D J and Yoes, M E},
publisher = {Kluwer Academic/Plenum Publishers},
title = {{Item response theory.}},
year = {1991}
}
@inproceedings{Tsur2012,
address = {New York},
annote = {        From Duplicate 1 (                           What's in a hashtag?: content based prediction of the spread of ideas in microblogging communities                         - Tsur, O; Rappoport, A )
                
        
        
      },
author = {Tsur, O and Rappoport, A},
booktitle = {Proceedings of the Fifth ACM International Conference on Web Search and Data Mining},
file = {:Users/claytonstanley/Documents/Mendeley Desktop/2012 - Tsur, Rappoport - What's in a hashtag Content based prediction of the spread of ideas in microblogging communities.pdf:pdf},
pages = {643--652},
publisher = {ACM},
title = {{What's in a hashtag?: Content based prediction of the spread of ideas in microblogging communities}},
year = {2012}
}
@inproceedings{Turney2001,
address = {Berlin},
author = {Turney, Peter},
booktitle = {Proceedings of the Twelfth European Conference on Machine Learning},
file = {:Users/claytonstanley/Documents/Mendeley Desktop/2001 - Turney - Mining the Web for synonyms PMI-IR versus LSA on TOEFL.pdf:pdf},
pages = {491--502},
publisher = {Springer-Verlag},
title = {{Mining the Web for synonyms: PMI-IR versus LSA on TOEFL}},
year = {2001}
}
@inproceedings{Efron2010,
address = {New York},
annote = {Significant improvement in hashtag recommendations when using a co-occurence model to derive the recommendations.},
author = {Efron, M},
booktitle = {Proceedings of the 33rd International ACM SIGIR Conference on Research and Development in Information Retrieval},
file = {:Users/claytonstanley/Documents/Mendeley Desktop/2010 - Efron - Hashtag retrieval in a microblogging environment.pdf:pdf},
pages = {787--788},
publisher = {ACM},
title = {{Hashtag retrieval in a microblogging environment}},
year = {2010}
}
@article{Plate1995,
author = {Plate, Tony A},
file = {:Users/claytonstanley/Documents/Mendeley Desktop/1995 - Plate - Holographic reduced representations.pdf:pdf},
journal = {IEEE Transactions on Neural Networks},
number = {3},
pages = {623--641},
publisher = {IEEE},
title = {{Holographic reduced representations}},
volume = {6},
year = {1995}
}
@techreport{Kuo2011,
abstract = {This paper evaluates prediction and topic modelling methods through the task of word prediction. In our word prediction experiment, we compare some existing and two novel methods, including a version of Cooccurrence, two versions of K-Nearest-Neighbor method and Latent semantic indexing, against a baseline algorithm. Furthermore, we explore the effects of using different similarity functions on the accuracies of our prediction methods. Finally, without much modifications to the framework, we were also able to perform tag classification on StackOverflow posts.},
annote = {        From Duplicate 2 (                           On Word Prediction Methods                         - Kuo, Darren )
                
        
        
      },
author = {Kuo, Darren},
file = {:Users/claytonstanley/Documents/Mendeley Desktop/2011 - Kuo - On word prediction methods.pdf:pdf},
institution = {EECS Department, University of California, Berkeley},
month = dec,
number = {UCB/EECS-2011-147},
title = {{On word prediction methods}},
year = {2011}
}
@article{king2001logistic,
author = {King, Gary and Zeng, Langche},
file = {:Users/claytonstanley/Documents/Mendeley Desktop/2001 - King, Zeng - Logistic regression in rare events data.pdf:pdf},
journal = {Political Analysis},
number = {2},
pages = {137--163},
publisher = {SPM-PMSAPSA},
title = {{Logistic regression in rare events data}},
volume = {9},
year = {2001}
}
@book{Anderson2007,
address = {New York, NY},
author = {Anderson, John R},
publisher = {Oxford University Press},
title = {{How can the human mind occur in the physical universe?}},
year = {2007}
}
@book{Wickham2009,
address = {New York},
author = {Wickham, Hadley},
isbn = {978-0-387-98140-6},
publisher = {Springer},
title = {ggplot2: elegant graphics for data analysis},
url = {http://had.co.nz/ggplot2/book},
year = {2009}
}
@inproceedings{Sahlgren2008,
address = {Austin, TX},
author = {Sahlgren, Magnus and Holst, Anders and Kanerva, Pentti},
booktitle = {Proceedings of the 30th Annual Conference of the Cognitive Science Society},
file = {:Users/claytonstanley/Documents/Mendeley Desktop/2008 - Sahlgren, Holst, Kanerva - Permutations as a means to encode order in word space.pdf:pdf},
pages = {1300--1305},
publisher = {Cognitive Science Society},
title = {{Permutations as a means to encode order in word space}},
year = {2008}
}
@inproceedings{Li2011,
address = {Las Vegas},
author = {Li, Tianxi and Wu, Yu and Zhang, Yu},
booktitle = {The 2011 International Conference on Internet Computing},
file = {:Users/claytonstanley/Documents/Mendeley Desktop/2011 - Li, Wu, Zhang - Twitter hash tag prediction algorithm.pdf:pdf},
publisher = {Citeseer},
title = {{Twitter hash tag prediction algorithm}},
year = {2011}
}
@misc{TwitterReport2012,
author = {Twitter},
title = {{Twitter hits half a billion tweets a day}},
url = {http://news.cnet.com/8301-1023\_3-57541566-93/report-twitter-hits-half-a-billion-tweets-a-day},
year = {2012}
}
@inproceedings{Kwak2010,
address = {New York},
author = {Kwak, Haewoon and Lee, Changhyun and Park, Hosung and Moon, Sue},
booktitle = {Proceedings of the 19th International Conference on World Wide Web},
file = {:Users/claytonstanley/Documents/Mendeley Desktop/2010 - Kwak et al. - What is Twitter, a social network or a news media Categories and subject descriptors.pdf:pdf},
isbn = {9781605587998},
keywords = {copyright is held by,degree of,homophily,influential,information diffusion,online social network,pagerank,reciprocity,retweet,separation,the international world wide,twitter,web conference com-},
pages = {591--600},
publisher = {ACM},
title = {{What is Twitter, a social network or a news media? Categories and subject descriptors}},
year = {2010}
}
@misc{DataDump2011,
author = {StackExchange},
title = {{Creative commons data dump}},
url = {http://data.stackexchange.com/about},
year = {2011}
}
@article{Anderson1989,
author = {Anderson, John R and Milson, Robert},
journal = {Psychological Review},
number = {4},
pages = {703},
publisher = {American Psychological Association},
title = {{Human memory: An adaptive perspective.}},
volume = {96},
year = {1989}
}
@article{Anderson1974,
author = {Anderson, John Robert},
journal = {Cognitive Psychology},
number = {4},
pages = {451--474},
publisher = {Elsevier},
title = {{Retrieval of propositional information from long-term memory}},
volume = {6},
year = {1974}
}
@techreport{Douglass2009,
author = {Douglass, S and Ball, J and Rodgers, S},
file = {:Users/claytonstanley/Documents/Mendeley Desktop/2009 - Douglass, Ball, Rodgers - Large declarative memories in ACT-R.pdf:pdf},
institution = {DTIC Document},
title = {{Large declarative memories in ACT-R}},
year = {2009}
}
@inproceedings{Diakopoulos2010,
address = {New York, NY},
annote = {        From Duplicate 2 (                           Characterizing debate performance via aggregated twitter sentiment                         - Diakopoulos, N A; Shamma, D A )
                
        
        
      },
author = {Diakopoulos, N A and Shamma, D A},
booktitle = {Proceedings of the 28th International Conference on Human factors in Computing Systems},
file = {:Users/claytonstanley/Documents/Mendeley Desktop//2010 - Diakopoulos, Shamma - Characterizing debate performance via aggregated twitter sentiment.pdf:pdf},
pages = {1195--1198},
publisher = {ACM},
title = {{Characterizing debate performance via aggregated twitter sentiment}},
year = {2010}
}
@article{Jones2007,
author = {Jones, Michael N and Mewhort, Douglas J K},
file = {:Users/claytonstanley/Documents/Mendeley Desktop/2007 - Jones, Mewhort - Representing word meaning and order information in a composite holographic lexicon.pdf:pdf},
journal = {Psychological Review},
number = {1},
pages = {1--37},
publisher = {American Psychological Association},
title = {{Representing word meaning and order information in a composite holographic lexicon.}},
volume = {114},
year = {2007}
}
@inproceedings{Budiu2007,
address = {Pittsburgh, PA},
author = {Budiu, Raluca and Royer, Christiaan and Pirolli, Peter},
booktitle = {Proceedings of the 8th Annual Conference of the Recherche d’Information Assist\'{e}e par Ordinateur},
file = {:Users/claytonstanley/Documents/Mendeley Desktop/2007 - Budiu, Royer, Pirolli - Modeling information scent A comparison of LSA, PMI and GLSA similarity measures on common tests and corp.pdf:pdf},
pages = {314--332},
publisher = {Centre des Hautes \'{E}tudes Internationales d’Informatique Documentaire},
title = {{Modeling information scent: A comparison of LSA, PMI and GLSA similarity measures on common tests and corpora}},
year = {2007}
}
@inproceedings{navarro1999cognitive,
author = {Navarro-Prieto, Raquel and Scaife, Mike and Rogers, Yvonne},
booktitle = {Proceedings of the 5th Conference on Human Factors \& the Web},
file = {:Users/claytonstanley/Documents/Mendeley Desktop//1999 - Navarro-Prieto, Scaife, Rogers - Cognitive strategies in web searching.pdf:pdf},
pages = {43--56},
title = {{Cognitive strategies in web searching}},
year = {1999}
}
@article{schusterpredicting,
author = {Schuster, Sebastian and Zhu, Wanying and Cheng, Yiying},
file = {:Users/claytonstanley/Documents/Mendeley Desktop/Unknown - Schuster, Zhu, Cheng - Predicting Tags for StackOverflow Questions.pdf:pdf},
title = {{Predicting Tags for StackOverflow Questions}}
}
@article{Jansen2011,
annote = {        From Duplicate 1 (                           Real time search on the web: Queries, topics, and economic value                         - Jansen, Bernard J.; Liu, Zhe; Weaver, Courtney; Campbell, Gerry; Gregg, Matthew )
                
        
        
      },
author = {Jansen, Bernard J. and Liu, Zhe and Weaver, Courtney and Campbell, Gerry and Gregg, Matthew},
doi = {10.1016/j.ipm.2011.01.007},
file = {:Users/claytonstanley/Documents/Mendeley Desktop/2011 - Jansen et al. - Real time search on the web Queries, topics, and economic value.pdf:pdf},
issn = {03064573},
journal = {Information Processing \& Management},
month = jul,
number = {4},
pages = {491--506},
publisher = {Elsevier Ltd},
title = {{Real time search on the web: Queries, topics, and economic value}},
url = {http://linkinghub.elsevier.com/retrieve/pii/S0306457311000082},
volume = {47},
year = {2011}
}
@misc{GoogleKeynote2013,
author = {Google},
title = {{Google I/O 2013: Keynote}},
url = {http://www.youtube.com/watch?v=9pmPa\_KxsAM\#t=1h28m18s},
year = {2013}
}
@misc{LatexTags2013,
author = {StackExchange},
title = {{Tag suggestion system}},
url = {http://tex.stackexchange.com},
year = {2013}
}
@article{Rocchio1971,
author = {Rocchio, Joseph John},
publisher = {Prentice-Hall, Englewood Cliffs NJ},
title = {{Relevance feedback in information retrieval}},
year = {1971}
}
@inproceedings{Douglass2010,
address = {Philadelphia, PA},
author = {Douglass, S A and Myers, C W},
booktitle = {Proceedings of the 10th International Conference on Cognitive Modeling},
file = {:Users/claytonstanley/Documents/Mendeley Desktop/2010 - Douglass, Myers - Concurrent knowledge activation calculation in large declarative memories.pdf:pdf},
pages = {55--60},
publisher = {Drexel University},
title = {{Concurrent knowledge activation calculation in large declarative memories}},
year = {2010}
}
@misc{DataDump2014,
author = {StackExchange},
title = {{Creative commons data dump}},
url = {http://data.stackexchange.com/about},
year = {2014}
}
@manual{RCoreTeam2014,
address = {Vienna, Austria},
author = {{R Core Team}},
organization = {R Foundation for Statistical Computing},
title = {{R: A Language and Environment for Statistical Computing}},
url = {http://www.r-project.org/},
year = {2014}
}
@incollection{Pirolli2003,
address = {Johnstown, PA},
author = {Pirolli, Peter and Fu, Wai-Tat},
booktitle = {User Modeling 2003},
file = {:Users/claytonstanley/Documents/Mendeley Desktop/2003 - Pirolli, Fu - SNIF-ACT A model of information foraging on the World Wide Web.pdf:pdf},
pages = {45--54},
publisher = {Springer},
title = {{SNIF-ACT: A model of information foraging on the World Wide Web}},
year = {2003}
}
@inproceedings{Rutledge2007,
address = {Austin, TX},
author = {Rutledge-Taylor, M F and West, R L},
booktitle = {Proceedings of the 24th Annual Conference of the Cognitive Science Society},
file = {:Users/claytonstanley/Documents/Mendeley Desktop/2007 - Rutledge-Taylor, West - MALTA Enhancing ACT-R with a holographic persistent knowledge store.pdf:pdf},
pages = {1433--1439},
publisher = {Cognitive Science Society},
title = {{MALTA: Enhancing ACT-R with a holographic persistent knowledge store}},
year = {2007}
}
@incollection{Pazzani2007,
address = {New York},
author = {Pazzani, Michael J and Billsus, Daniel},
booktitle = {The Adaptive Web},
file = {:Users/claytonstanley/Documents/Mendeley Desktop/2007 - Pazzani, Billsus - Content-based recommendation systems.pdf:pdf},
pages = {325--341},
publisher = {Springer},
title = {{Content-based recommendation systems}},
year = {2007}
}
@inproceedings{Zangerle2011,
author = {Zangerle, Eva and Gassler, Wolfgang and Specht, G\"{u}nther},
booktitle = {Proceedings of the Workshop on Semantic Adaptive Social Web},
file = {:Users/claytonstanley/Documents/Mendeley Desktop/2011 - Zangerle, Gassler, Specht - Recommending \#-tags in Twitter.pdf:pdf},
pages = {67--78},
title = {{Recommending \#-tags in Twitter}},
year = {2011}
}
@inproceedings{Rose2004,
address = {New York},
annote = {        From Duplicate 1 (                           Understanding user goals in web search                         - Rose, Daniel E.; Levinson, Danny )
                
        
        
      },
author = {Rose, Daniel E. and Levinson, Danny},
booktitle = {Proceedings of the 13th International Conference on World Wide Web},
doi = {10.1145/988672.988675},
file = {:Users/claytonstanley/Documents/Mendeley Desktop/2004 - Rose, Levinson - Understanding user goals in web search.pdf:pdf},
isbn = {158113844X},
keywords = {information retrieval,query classification,user behavior,user goals,web search},
pages = {13--19},
publisher = {ACM},
title = {{Understanding user goals in web search}},
url = {http://portal.acm.org/citation.cfm?doid=988672.988675},
year = {2004}
}
@inproceedings{Owoputi2013,
address = {Atlanta},
author = {Owoputi, Olutobi and O’Connor, Brendan and Dyer, Chris and Gimpel, Kevin and Schneider, Nathan and Smith, Noah A},
booktitle = {Proceedings of NAACL-HLT},
file = {:Users/claytonstanley/Documents/Mendeley Desktop/2013 - Owoputi et al. - Improved part-of-speech tagging for online conversational text with word clusters.pdf:pdf},
pages = {380--390},
publisher = {Association for Computational Linguistics},
title = {{Improved part-of-speech tagging for online conversational text with word clusters}},
year = {2013}
}
@article{Cohn2012,
address = {Jeju Island, Korea},
author = {Preotiuc-Pietro, Daniel and Cohn, Trevor},
file = {:Users/claytonstanley/Documents/Mendeley Desktop/2012 - Preotiuc-Pietro, Cohn - A temporal model of text periodicities using Gaussian Processes.pdf:pdf},
journal = {Proceedings of EMNLP},
pages = {977--988},
publisher = {ACL},
title = {{A temporal model of text periodicities using Gaussian Processes}},
year = {2012}
}
@article{Dumais1991,
annote = {        From Duplicate 1 (                           Improving the retrieval of information from external sources                         - Dumais, S T )
                
        
        
      },
author = {Dumais, S T},
file = {:Users/claytonstanley/Documents/Mendeley Desktop/1991 - Dumais - Improving the retrieval of information from external sources.pdf:pdf},
journal = {Behavior Research Methods},
number = {2},
pages = {229--236},
publisher = {Springer},
title = {{Improving the retrieval of information from external sources}},
volume = {23},
year = {1991}
}
@article{bar2005expectations,
author = {Bar-Ilan, Judit},
file = {:Users/claytonstanley/Documents/Mendeley Desktop//2005 - Bar-Ilan - Expectations versus reality—Search engine features needed for Web research at mind.pdf:pdf},
journal = {Cybermetrics},
number = {1},
title = {{Expectations versus reality—Search engine features needed for Web research at mind}},
volume = {9},
year = {2005}
}
@misc{SuperUserTags2013,
author = {StackExchange},
title = {{Tag suggestion system}},
url = {www.superuser.com},
year = {2013}
}
@inproceedings{Kanerva2000,
address = {Mahwah, NJ},
author = {Kanerva, Pentti and Kristofersson, Jan and Holst, Anders},
booktitle = {Proceedings of the 22nd Annual Conference of the Cognitive Science Society},
file = {:Users/claytonstanley/Documents/Mendeley Desktop/2000 - Kanerva, Kristofersson, Holst - Random indexing of text samples for latent semantic analysis.pdf:pdf},
pages = {1036},
publisher = {Erlbaum},
title = {{Random indexing of text samples for latent semantic analysis}},
year = {2000}
}
@article{Cesa2013,
author = {Cesa-Bianchi, Nicol\`{o} and Gentile, Claudio and Zappella, Giovanni},
file = {:Users/claytonstanley/Documents/Mendeley Desktop/2013 - Cesa-Bianchi, Gentile, Zappella - A gang of bandits.pdf:pdf},
journal = {arXiv preprint arXiv:1306.0811},
title = {{A gang of bandits}},
year = {2013}
}
@inproceedings{Stanley2013,
address = {Ottawa},
author = {Stanley, Clayton and Byrne, Michael D},
booktitle = {The 12th International Conference on Cognitive Modeling},
file = {:Users/claytonstanley/Documents/Mendeley Desktop/2013 - Stanley, Byrne - Predicting tags for StackOverflow posts.pdf:pdf},
keywords = {proceeding},
pages = {414--419},
publisher = {Carleton University},
title = {{Predicting tags for StackOverflow posts}},
url = {pdfs/StanleyByrne2013StackOverflow.pdf},
year = {2013}
}
@article{Fu2007,
annote = {        From Duplicate 2 (                           SNIF-ACT: A cognitive model of user navigation on the World Wide Web                         - Fu, W T; Pirolli, P )
                
        
        
      },
author = {Fu, W T and Pirolli, P},
journal = {Human--Computer Interaction},
number = {4},
pages = {355--412},
publisher = {Taylor \& Francis},
title = {{SNIF-ACT: A cognitive model of user navigation on the World Wide Web}},
volume = {22},
year = {2007}
}
@techreport{Farahat2004,
author = {Farahat, A and Pirolli, P and Markova, P},
file = {:Users/claytonstanley/Documents/Mendeley Desktop/2004 - Farahat, Pirolli, Markova - Incremental methods for computing word pair similarity.pdf:pdf},
institution = {PARC, Inc, Palo Alto, CA},
number = {TR-04-6-2004},
title = {{Incremental methods for computing word pair similarity}},
year = {2004}
}
@article{stewart2007deconstructing,
author = {Stewart, Terrence C and West, Robert L},
file = {:Users/claytonstanley/Documents/Mendeley Desktop/2007 - Stewart, West - Deconstructing and reconstructing ACT-R Exploring the architectural space.pdf:pdf},
journal = {Cognitive Systems Research},
number = {3},
pages = {227--236},
publisher = {Elsevier},
title = {{Deconstructing and reconstructing ACT-R: Exploring the architectural space}},
volume = {8},
year = {2007}
}
@misc{StanleyRepo2014,
author = {Stanley, Clayton},
booktitle = {GitHub repository},
doi = {10.5281/zenodo.11443},
publisher = {GitHub},
title = {{Repository for Dissertation}},
url = {https://github.com/claytontstanley/dissertation},
year = {2014}
}
@inproceedings{Godin2013,
author = {Godin, Fr\'{e}deric and Slavkovikj, Viktor and {De Neve}, Wesley and Schrauwen, Benjamin and {De Walle}, Rik},
booktitle = {Proceedings of the 22nd International Conference on World Wide Web},
file = {:Users/claytonstanley/Documents/Mendeley Desktop/2013 - Godin et al. - Using topic models for Twitter hashtag recommendation.pdf:pdf},
organization = {International World Wide Web Conferences Steering Committee},
pages = {593--596},
title = {{Using topic models for Twitter hashtag recommendation}},
year = {2013}
}
