/Users/claytonstanley/Documents/Dissertation.bib