/Users/claytonstanley/Documents/bibtex/Dissertation.bib